@incollection{protegevowl,
  title={The Prot{\'e}g{\'e}VOWL plugin: Ontology visualization for everyone},
  author={Lohmann, Steffen and Negru, Stefan and Bold, David},
  booktitle={The Semantic Web: ESWC 2014 Satellite Events},
  pages={395--400},
  year={2014},
  publisher={Springer}
}


@misc{pybernard12,
  author = {Pierre-Yves Vandenbussche and Bernard Vatant},
  title = {{Metadata Recommendations For Linked Open Vocabularies}},
  howpublished = {OKFN},
  year = {2012},
  note = {\url{http://lov.okfn.org/dataset/lov/Recommendations_Vocabulary_Design.pdf}}
}

@article{vandenbusschelov,
  title={LOV: a gateway to reusable semantic vocabularies on the Web},
  author={Vandenbussche, Pierre-Yves and Atemezingb, Ghislain A and Poveda-Villal{\'o}nc, Mar{\'\i}a and Vatant, Bernard},
  booktitle= {under review at SWJ}
  
}